@misc{rialtohistory,
  title={Beginnings of Algorithmic Trading.},
  howpublished = "\url{https://medium.com/rialto-ai/beginnings-of-algorithmic-trading-19eccce902a1}",
  url = {https://medium.com/rialto-ai/beginnings-of-algorithmic-trading-19eccce902a1},
  urldate={2019-04-15},
  author={RIALTO.AI},
  journal ={Medium},
  year = {2018},
  month ={June},
  note = "[Online blog post, accessed 2019-04-15]"
}

@article{mcculloch1943logical,
  title={A logical calculus of the ideas immanent in nervous activity},
  author={McCulloch, Warren S and Pitts, Walter},
  journal={The bulletin of mathematical biophysics},
  volume={5},
  number={4},
  pages={115--133},
  year={1943},
  publisher={Springer}
}

@article{fukushima1979neural,
  author    = {Fukushima, Kunihiko},
  title     = {Neural network model for a mechanism of pattern recognition unaffected by shift in position - Neocognitron},
  journal = {IEICE Technical Report, A},
  year      = {1979},
  volume   = {62},
  number = {10},
  pages = {658--665}
}

@article{sezer2018algorithmic,
  title={Algorithmic financial trading with deep convolutional neural networks: Time series to image conversion approach},
  author={Sezer, Omer Berat and Ozbayoglu, Ahmet Murat},
  journal={Applied Soft Computing},
  volume={70},
  pages={525--538},
  year={2018},
  publisher={Elsevier}
}

@book{goodfellow2016deep,
    title={Deep Learning},
    author={Ian Goodfellow and Yoshua Bengio and Aaron Courville},
    publisher={MIT Press},
    note={\url{http://www.deeplearningbook.org}},
    year={2016}
}

@book{tsay2005analysis,
  title={Analysis of financial time series},
  author={Tsay, Ruey S},
  volume={543},
  year={2005},
  publisher={John wiley \& sons}
}

@article{Hochr97LSTM,
author = {Hochreiter, Sepp and Schmidhuber, JÃ¼rgen},
year = {1997},
month = {12},
pages = {1735-80},
title = {Long Short-term Memory},
volume = {9},
journal = {Neural computation},
doi = {10.1162/neco.1997.9.8.1735}
}